Automatically generated by Mendeley Desktop 1.15.3
Any changes to this file will be lost if it is regenerated by Mendeley.

BibTeX export options can be customized via Options -> BibTeX in Mendeley Desktop

@article{Busch1990,
author = {Busch, Paul and Cassinelli, Gianni and Lahti, Pekka J.},
doi = {10.1007/BF01889690},
file = {:C$\backslash$:/Users/tuoma{\_}000/Seafile/My Library/Kouluhommat/Kvanttip{\"{a}}rin{\"{a}}t/Gradu/Artikkelit/QT{\_}of{\_}Sequential{\_}Measurements.pdf:pdf},
issn = {00159018},
journal = {Foundations of Physics},
number = {7},
pages = {757--775},
title = {{On the quantum theory of sequential measurements}},
volume = {20},
year = {1990}
}
@article{Ozawa,
author = {Ozawa, Masanao},
file = {:C$\backslash$:/Users/tuoma{\_}000/Downloads/Multipage{\_}2016-03-30{\_}133403utu938.pdf:pdf},
journal = {J. Math. Phys},
number = {1},
pages = {79--87},
publisher = {J. Math. Phys.},
title = {{Quantum measuring processes of continuous observables}},
volume = {25},
year = {1984}
}
@book{HeinosaariTeiko;Ziman2011,
author = {{Heinosaari , Teiko ; Ziman}, M{\'{a}}rio},
file = {:C$\backslash$:/Users/tuoma{\_}000/Seafile/My Library/Kouluhommat/Kvanttip{\"{a}}rin{\"{a}}t/Gradu/Artikkelit/T. Heinosaari{\%}2c M. Ziman - Mathematical language of quantum mechanics.pdf:pdf},
isbn = {9780521195836},
title = {{The Mathematical Language of Quantum Theory : From Cambridge University Press , Cambridge , ISBN : 9781139220101 T H E M AT H E M AT I C A L L A N G UAG E}},
url = {http://www.cambridge.org/us/academic/subjects/physics/quantum-physics-quantum-information-and-quantum-computation/mathematical-language-quantum-theory-uncertainty-entanglement},
year = {2011}
}
@article{Heinosaari2015,
archivePrefix = {arXiv},
arxivId = {arXiv:1402.4263v1},
author = {Heinosaari, Teiko and Miyadera, Takayuki},
doi = {10.1103/PhysRevA.91.022110},
eprint = {arXiv:1402.4263v1},
file = {:C$\backslash$:/Users/tuoma{\_}000/Seafile/My Library/Kouluhommat/Kvanttip{\"{a}}rin{\"{a}}t/Gradu/Artikkelit/Universality{\_}of{\_}Sequential{\_}Quantum{\_}Measurements.pdf:pdf},
issn = {10941622},
journal = {Physical Review A - Atomic, Molecular, and Optical Physics},
number = {2},
title = {{Universality of sequential quantum measurements}},
volume = {91},
year = {2015}
}
@article{Heinosaari2010,
abstract = {We consider pairs of quantum observables (POVMs) and analyze the relation between the notions of non-disturbance, joint measurability and commutativity. We specify conditions under which these properties coincide or differ---depending for instance on the interplay between the number of outcomes and the Hilbert space dimension or on algebraic properties of the effect operators. We also show that (non-)disturbance is in general not a symmetric relation and that it can be decided and quantified by means of a semidefinite program.},
archivePrefix = {arXiv},
arxivId = {1005.5659},
author = {Heinosaari, Teiko and Wolf, Michael M.},
doi = {10.1063/1.3480658},
eprint = {1005.5659},
file = {:C$\backslash$:/Users/tuoma{\_}000/Seafile/My Library/Kouluhommat/Kvanttip{\"{a}}rin{\"{a}}t/Gradu/Artikkelit/Non{\_}Disturbing{\_}Quantum{\_}Measurements.pdf:pdf},
number = {ii},
pages = {1--20},
title = {{Non-disturbing quantum measurements}},
url = {http://arxiv.org/abs/1005.5659
http://dx.doi.org/10.1063/1.3480658},
year = {2010}
}
