@article{nameofreference1,
  author={Referrer, Risto and Citation, Charlie},
  title={How to make proper references},
  journal={Journal of Referring to References},
  volume={666},
  number={9},
  pages={094001},
  year={1984}
}

}
